@techreport{acg,
    author = {T. Staig \and R. Tobar \and C. Maureira},
    institution = {Computer Systems Research Group (CSRG), Universidad Técnica Federico Santa María},
    title = {Alarms Configuration GUI (ACG)},
    number = {},
    month = {Mayo},
    year = {2010}
}

@techreport{as,
    author = {A. Caproni \and B. Jeram},
    institution = {Atacama Large Millimeter Array (ALMA)},
    title = {ACS Alarm System},
    month = {Julio},
    year = {2006}
}

@techreport{ssg,
    author = {C. Maureira},
    institution = {Computer Systems Research Group (CSRG), Universidad Técnica Federico Santa María},
    title = {Sampling System GUI (SSG)},
    number = {},
    month = {Mayo},
    year = {2010}
}

@article{hpg,
    author = {C. Maureira \and A. Hoffstadt \and J. López \and N. Troncoso \and R. Tobar \and H. von Brand},
    institution = {Computer Systems Research Group (CSRG), Universidad Técnica Federico Santa María},
    title = {High Performance Graphical Data Trending in a Distributed System},
    journal = {Proceedings Vol. 7740 Software and Cyberinfrastructure for Astronomy},
    year = {2010}
}

@article{hevelius,
    author = {C. Guajardo \and T. Staig},
    institution = {Computer Systems Research Group (CSRG), Universidad Técnica Federico Santa María},
    title = {Una Aplicación Astronómica enfocada a la Educación a través de una Plataforma de Control de Telescopios Distribuida},
    journal = {EST - Concurso de Trabajos Estudiantiles, JAIIO},
    year = {2008}
}

@inproceedings{acs,
    author =   {Gianluca Chiozzi and others},
    title =    {The {ALMA} {Common} {Software}: A Developer Friendly {CORBA}-Based Framework},
    booktitle =    {Proceedings of SPIE 2004},
    year =     {2004}
}

@InProceedings{acssamp,
  author =   {P. Di Marcantonio and
                  Roberto Cirami and
                  Gianluca Chiozzi},
  title =    {{ACS} Sampling System:
          Design, Implementation and Performance Evaluation},
  booktitle =    {Proceedings of SPIE},
  year =     {2004}
}

@Misc{kstars,
  author =   {KStars Team (KDE)},
  title =    {{KStars}, Desktop Planetarium for KDE},
  howpublished = {\url{http://edu.kde.org/kstars/}}
}

@Misc{gcx,
  author =   {Radu Corlan},
  title =    {{The GCX Project}, Astronomical image processing and photometry},
  howpublished = {\url{http://astro.corlan.net/gcx/}}
}

@Misc{celestia,
  author =   {Celestia Development Team},
  title =    {{Celestia}, A real-time visual space simulation},
  howpublished = {\url{http://www.shatters.net/celestia/index.html}}
}

@Misc{kde,
  author =   {KDE Team},
  title =    {{K Desktop Environment}, a free software community},
  howpublished = {\url{http://kde.org}}
}
