@article{gingold,
	author = {Gingold, R. A. \and Monaghan, J. J},
	title = {Smoothed particle hydrodynamics - Theory and application to non-spherical stars},
	journal = {Royal Astronomical Society, Monthly Notices, vol. 181, Nov. 1977, p. 375-389.},
}

@article{gourlay,
	author = {Gourlay, Michael J.},
	title = {Fluid Simulation for Video Games},
	journal = {Intel Software Network},
	year = {2009},
}

@book{methods,
	author = {Harvey Gould and Jan Toochnik},
	title = {An Introduction to Computer Simulation Methods},
	year = {1988},
}
